<?xml version="1.0" encoding="UTF-8"?><collection xmlns="http://www.loc.gov/MARC21/slim"><record><leader>00287nam--2200121-i-4500</leader><controlfield tag="001">000037928</controlfield><controlfield tag="002">20161230</controlfield><controlfield tag="005">20161230201041</controlfield><controlfield tag="008">060222s1000------------r-----000-0-eng-d</controlfield><datafield ind1=" " ind2=" " tag="245"><subfield code="a">Proc</subfield></datafield><datafield ind1=" " ind2=" " tag="260"><subfield code="a">Bombay, Bhabha Atomic Research Centre, 1970, 305p</subfield></datafield><datafield ind1=" " ind2=" " tag="700"><subfield code="a">Rastogi, B.P</subfield></datafield><datafield ind1=" " ind2=" " tag="852"><subfield code="a">35302</subfield></datafield></record></collection>